<?xml version="1.0" encoding="UTF-8"?><collection xmlns="http://www.loc.gov/MARC21/slim"><record><leader>00318nam--2200121-i-4500</leader><controlfield tag="001">000036149</controlfield><controlfield tag="002">20161230</controlfield><controlfield tag="005">20161230201040</controlfield><controlfield tag="008">060222s1000------------r-----000-0-eng-d</controlfield><datafield ind1=" " ind2=" " tag="245"><subfield code="a">Nuclear electronics. proceedings</subfield></datafield><datafield ind1=" " ind2=" " tag="260"><subfield code="a">Vienna, Interational Atomic Energy Agency, 1962. 597p</subfield></datafield><datafield ind1=" " ind2=" " tag="490"><subfield code="a">Proceedings</subfield></datafield><datafield ind1=" " ind2=" " tag="852"><subfield code="a">17910</subfield></datafield></record></collection>